
@misc{zomorodian2009,
	author = {Zomorodian, Afra},
	title = {Computational Topology},
	year= {2009},
	month = {November},
	note = {Accessed August, 29, 2024},
	howpublished =
{\url{https://www.ams.org/meetings/shortcourse/zomorodian-notes.pdf}}
}

@misc{bates2009,
	author = {Bates, Karl T. and Manning, Phillip L. and Hodgetts, David and
Sellers, William I.},
	title = {Estimating Mass Properties of Dinosaurs Using Laser Imaging and
	3{D} Computer Modelling},
	journal = {PLoS ONE},
	year = {2009},
	month = {February},
	note = {Accessed August 29, 2024},
	howpublished = {\url{https://www.ncbi.nlm.nih.gov/pmc/articles/PMC2639725/}}
}

@misc{yang2012,
	author = {Yang, Ziheng and Rannala, Bruce},
	title = {Molecular Phylogenetics: Principles and Practice},
	journal = {Nature Review Genetics},
	year = {2012},
	month = {May},
	volume = {13},
	pages = {303--314},
	note = {Accessed August 29, 2024},
	howpublished =
{\url{https://https://core.ac.uk/reader/79498069?utm_source=linkout}}
}

@misc{bendich2016,
	author = {Bendich, Paul and Marron, J S. and Miller, Ezra and Pieloch, Alex
and Skwerer, Susan},
	title = {Persistant Homology Analysis of Brain Artery Trees},
	journal = {Annals of Applied Statistics},
	year = {2016},
	month = {September},
	volume = {10},
	number = {1},
	pages = {198--218},
	note = {Accessed August 29, 2024},
	howpublished = {\url{https://www.ncbi.nlm.nih.gov/pmc/articles/PMC5026243/}}
}

@misc{li2021,
	author = {Li, Ou},
	title = {{TDA 3D} Model and Feature Simplification Analysis},
	journal = {Journal of Physics: Conference Series},
	year = {2021},
	month = {March},
	volume = {1883},
	publisher = {IOP Publishing},
	note = {Accessed August 29, 2024},
	howpublished =
{\url{https://iopscience.iop.org/article/10.1088/1742-6596/1883/1/012023/pdf}}
}

@article{dornbusch2007,
	author = {Tino Dornbusch and Peter Wernecke and Wulf Diepenbrock},
	title = {A Method to Extract Morphological Traits of Plant Organs from 3{D}
Point Clouds as a Database for an Architectural Plant Model},
	journal = {Ecological Modelling},
	volume = {200},
	number = {1},
	pages = {119--129},
	year = {2007},
	note = {Accessed August 29, 2024},
	howpublished =
{\url{\https://www.sciencedirect.com/science/article/pii/S0304380006003486}}
}

@misc{cisewski2023,
	author = {Jessi Cisewski-Kehe and Brittany Terese Fasy and Dhanush Giriyan and Eli Quist},
	title = {The Weighted Euler Characteristic Transform for Image Shape
Classification},
	year = {2023},
	month = {July},
	howpublished = {https://arxiv.org/pdf/2307.13940},
	note = {Accessed September 06, 2024}
}

@misc{organ2024,
	author = {Dr. Chris Organ},
	title = {Scanned Dinosaur Fossil},
	year = {2024},
	note = {Scanned image provided by Dr. Chris Organ, Montana State
University},
}

@article{asher2022,
	author = {Robert J. Asher and Martin R. Smith},
	title = {Phylogenetic Signal and Bias in Paleontology},
	journal = {Systematic Biology},
	volume = {71},
	number = {4},
	pages = {986--1008},
	year = {2021},
	month = {September},
	publisher = {Oxford University Press},
	howpublished = {https://academic.oup.com/sysbio/article/71/4/986/6361676?login=false},
	note = {Accessed September 07, 2024}
}

@article{gonzalez2008,
	author = {Rolando González-José and Ignacio Escapa and Walter A. Neves and Rubén Cúneo and Héctor M. Pucciarelli},
	title = {Cladistic analysis of continuous modularized traits provides
phylogenetic signals in \emph{homo} evolution},
	journal = {Nature},
	volume = {453},
	pages = {775--778},
	year = {2008},
	month = {May},
	url = {https://www.nature.com/articles/nature06891},
	note = {Accessed September 07, 2024}

}











